@misc{Lant2010,
author = {Lant, Michael},
booktitle = {Software Development, Agile Methods and the Intersection of People Process and Technology},
title = {{How To Make Your Project Not Suck by Using an Agile Project Charter}},
url = {http://michaellant.com/2010/05/18/how-to-make-your-project-not-suck/},
year = {2010}
}
@book{Rubin2012,
author = {Rubin, Kenneth S},
edition = {1st},
isbn = {0137043295, 9780137043293},
publisher = {Addison-Wesley Professional},
title = {{Essential Scrum: A Practical Guide to the Most Popular Agile Process}},
year = {2012}
}
@techreport{,
institution = {U.S. Department of Defense},
pages = {2--7},
title = {{DOD Sample Phase I Proposal}},
url = {http://www.acq.osd.mil/osbp/sbir/sb/resources/sample-proposals.shtml},
year = {2011}
}
@electronic{Jacobs_2017,
author = {Jacobs, Elco},
howpublished = "BrewPI",
title = {{BrewPI Spark 3}},
url = {https://www.brewpi.com/now-available-brewpi-spark-3},
note = {Available: https://www.brewpi.com/now-available-brewpi-spark-3},
year = {2017. [Online]}
}
@electronic{Pico_2021,
author = {Pico Brew},
howpublished = "BrewPI",
title = {{Pico Pro}},
url = {https://picobrew.com/store/products/pico},
note = {Available: https://picobrew.com/store/products/pico},
year = {2021. [Online]}
}
@electronic{AllGrain_2021,
author = {GrainFather Brewing},
howpublished = "BrewPI",
title = {All Grain Brewing Equipment},
url = {https://grainfather.com/all-grain-brewing-equipment},
note = {Available: https://grainfather.com/all-grain-brewing-equipment},
year = {2020. [Online]}
}
@electronic{Grainfather_2019,
author = {Grainfather Brewing Company},
title = {Grainfather G30},
url = {https://grainfather.com/grainfather-g30},
note = {Available: https://grainfather.com/grainfather-g30},
year = {2019. [Online]}
}
@misc{MoreBeer_2020,
author = {MoreBeer Staff},
title = {Brewie Fully Automated Brewing System},
url = {https://www.morebeer.com/products/brewie-fully-automated-brewing-system.html},
note = {Available: https://www.morebeer.com/products/brewie-fully-automated-brewing-system.html},
year = {2020. [Online]}
}
